<record><leader>00000cas a2200000 a 4500</leader><controlfield tag="001">10853551</controlfield><controlfield tag="008">840618d18551860vtuwr ne      0    0eng c</controlfield><datafield ind1=" " ind2=" " tag="010"><subfield code="a">sn 84023269 </subfield></datafield><datafield ind1=" " ind2=" " tag="040"><subfield code="a">AQM</subfield><subfield code="b">eng</subfield><subfield code="c">AQM</subfield><subfield code="d">NPX</subfield><subfield code="d">NVN</subfield><subfield code="d">OCL</subfield><subfield code="d">OCLCQ</subfield><subfield code="d">OCLCF</subfield><subfield code="d">OCLCO</subfield></datafield><datafield ind1="1" ind2=" " tag="029"><subfield code="a">AU@</subfield><subfield code="b">000020228352</subfield></datafield><datafield ind1=" " ind2=" " tag="042"><subfield code="a">pcc</subfield></datafield><datafield ind1=" " ind2=" " tag="043"><subfield code="a">n-us-vt</subfield></datafield><datafield ind1="0" ind2=" " tag="130"><subfield code="a">Vergennes citizen (Vergennes, Vt. : 1855)</subfield></datafield><datafield ind1="1" ind2="0" tag="245"><subfield code="a">Vergennes citizen.</subfield></datafield><datafield ind1=" " ind2=" " tag="260"><subfield code="a">Vergennes [Vt.] :</subfield><subfield code="b">Henry G. Judd,</subfield><subfield code="c">1855-1860.</subfield></datafield><datafield ind1=" " ind2=" " tag="300"><subfield code="a">v.</subfield></datafield><datafield ind1=" " ind2=" " tag="310"><subfield code="a">Weekly</subfield></datafield><datafield ind1="0" ind2=" " tag="362"><subfield code="a">Vol. 1, no. 1 (May 11, 1855)-v. 6, no. 22 (Sept. 28, 1860).</subfield></datafield><datafield ind1=" " ind2=" " tag="500"><subfield code="a">Editor: H.G. Judd, H.C. Johnson, 1855-&lt;1856&gt;.</subfield></datafield><datafield ind1=" " ind2=" " tag="500"><subfield code="a">Printer: James Crane.</subfield></datafield><datafield ind1=" " ind2="0" tag="651"><subfield code="a">Vergennes (Vt.)</subfield><subfield code="v">Newspapers.</subfield></datafield><datafield ind1=" " ind2="0" tag="651"><subfield code="a">Vermont</subfield><subfield code="v">Newspapers.</subfield></datafield><datafield ind1=" " ind2="7" tag="655"><subfield code="a">Newspapers.</subfield><subfield code="2">fast</subfield><subfield code="0">(OCoLC)fst01423814</subfield></datafield><datafield ind1=" " ind2="7" tag="651"><subfield code="a">Vermont.</subfield><subfield code="2">fast</subfield><subfield code="0">(OCoLC)fst01204305</subfield></datafield><datafield ind1=" " ind2="7" tag="651"><subfield code="a">Vermont</subfield><subfield code="z">Vergennes.</subfield><subfield code="2">fast</subfield><subfield code="0">(OCoLC)fst01214454</subfield></datafield><datafield ind1="1" ind2=" " tag="700"><subfield code="a">Judd, Henry G.</subfield></datafield><datafield ind1="1" ind2=" " tag="700"><subfield code="a">Johnson, Hiram C.</subfield></datafield><datafield ind1=" " ind2=" " tag="752"><subfield code="a">United States</subfield><subfield code="b">Vermont</subfield><subfield code="c">Addison</subfield><subfield code="d">Vergennes.</subfield></datafield><datafield ind1="0" ind2="0" tag="780"><subfield code="t">Vergennes independent</subfield><subfield code="w">(DLC)sn 84023268</subfield><subfield code="w">(OCoLC)10853622</subfield></datafield><datafield ind1="0" ind2="0" tag="785"><subfield code="t">Vermonter (Vergennes, Vt.)</subfield><subfield code="w">(DLC)sn 98060012</subfield><subfield code="w">(OCoLC)38367214</subfield></datafield></record>